@article{kerbl20233d,
  title={3D Gaussian splatting for real-time radiance field rendering.},
  author={Kerbl, Bernhard and Kopanas, Georgios and Leimk{\"u}hler, Thomas and Drettakis, George},
  journal={ACM Trans. Graph.},
  volume={42},
  number={4},
  pages={139--1},
  year={2023}
}

@article{ye2024gsplat,
  title={gsplat: An open-source library for Gaussian splatting},
  author={Ye, Vickie and Li, Ruilong and Kerr, Justin and Turkulainen, Matias and Yi, Brent and Pan, Zhuoyang and Seiskari, Otto and Ye, Jianbo and Hu, Jeffrey and Tancik, Matthew and others},
  journal={arXiv preprint arXiv:2409.06765},
  year={2024}
}

@book{shirley2009fundamentals,
  title={Fundamentals of computer graphics},
  author={Shirley, Peter and Ashikhmin, Michael and Marschner, Steve},
  year={2009},
  publisher={AK Peters/CRC Press}
}

@article{yifan2019differentiable,
  title={Differentiable surface splatting for point-based geometry processing},
  author={Yifan, Wang and Serena, Felice and Wu, Shihao and {\"O}ztireli, Cengiz and Sorkine-Hornung, Olga},
  journal={ACM Transactions on Graphics (TOG)},
  volume={38},
  number={6},
  pages={1--14},
  year={2019},
  publisher={ACM New York, NY, USA}
}

@inproceedings{loper2014opendr,
  title={OpenDR: An approximate differentiable renderer},
  author={Loper, Matthew M and Black, Michael J},
  booktitle={Computer Vision--ECCV 2014: 13th European Conference, Zurich, Switzerland, September 6-12, 2014, Proceedings, Part VII 13},
  pages={154--169},
  year={2014},
  organization={Springer}
}

@inproceedings{zwicker2004perspective,
  title={Perspective accurate splatting},
  author={Zwicker, Matthias and Rasanen, Jussi and Botsch, Mario and Dachsbacher, Carsten and Pauly, Mark},
  booktitle={Proceedings-Graphics Interface},
  pages={247--254},
  year={2004}
}
