@article{kothe2023review,
  title={A review of change of variable formulas for generative modeling},
  author={K{\"o}the, Ullrich},
  journal={arXiv preprint arXiv:2308.02652},
  year={2023}
}

@article{lecun2006tutorial,
  title={A tutorial on energy-based learning},
  author={LeCun, Yann and Chopra, Sumit and Hadsell, Raia and Ranzato, M and Huang, Fujie and others},
  journal={Predicting structured data},
  volume={1},
  number={0},
  year={2006}
}

@article{papamakarios2021normalizing,
  title={Normalizing flows for probabilistic modeling and inference},
  author={Papamakarios, George and Nalisnick, Eric and Rezende, Danilo Jimenez and Mohamed, Shakir and Lakshminarayanan, Balaji},
  journal={Journal of Machine Learning Research},
  volume={22},
  number={57},
  pages={1--64},
  year={2021}
}

@misc{wiki:Probability_density_function,
   author = "{Wikipedia contributors}",
   title = "{Probability density function} --- {W}ikipedia{,} The Free Encyclopedia",
   year = "2025",
   howpublished = {\url{http://en.wikipedia.org/w/index.php?title=Probability\%20density\%20function&oldid=1274285920}},
   note = "[Online; accessed 11-April-2025]"
 }

 @article{grathwohl2019your,
  title={Your classifier is secretly an energy based model and you should treat it like one},
  author={Grathwohl, Will and Wang, Kuan-Chieh and Jacobsen, J{\"o}rn-Henrik and Duvenaud, David and Norouzi, Mohammad and Swersky, Kevin},
  journal={arXiv preprint arXiv:1912.03263},
  year={2019}
}

@misc{dieleman2023perspectives,
  author = {Dieleman, Sander},
  title = {Perspectives on diffusion},
  url = {https://sander.ai/2023/07/20/perspectives.html},
  year = {2023}
}


  @misc{flowsanddiffusions2025,
    author       = {Peter Holderrieth and Ezra Erives},
    title        = {Introduction to Flow Matching and Diffusion Models},
    year         = {2025},
    url          = {https://diffusion.csail.mit.edu/}
  }


  @article{lipman2024flow,
  title={Flow matching guide and code},
  author={Lipman, Yaron and Havasi, Marton and Holderrieth, Peter and Shaul, Neta and Le, Matt and Karrer, Brian and Chen, Ricky TQ and Lopez-Paz, David and Ben-Hamu, Heli and Gat, Itai},
  journal={arXiv preprint arXiv:2412.06264},
  year={2024}
}

@book{perko2013differential,
  title={Differential equations and dynamical systems},
  author={Perko, Lawrence},
  volume={7},
  year={2013},
  publisher={Springer Science \& Business Media}
}

@article{mathieu2020riemannian,
  title={Riemannian continuous normalizing flows},
  author={Mathieu, Emile and Nickel, Maximilian},
  journal={Advances in Neural Information Processing Systems},
  volume={33},
  pages={2503--2515},
  year={2020}
}

@article{chen2018neural,
  title={Neural ordinary differential equations},
  author={Chen, Ricky TQ and Rubanova, Yulia and Bettencourt, Jesse and Duvenaud, David K},
  journal={Advances in neural information processing systems},
  volume={31},
  year={2018}
}

@misc{holderrieth2025generatormatchinggenerativemodeling,
      title={Generator Matching: Generative modeling with arbitrary Markov processes}, 
      author={Peter Holderrieth and Marton Havasi and Jason Yim and Neta Shaul and Itai Gat and Tommi Jaakkola and Brian Karrer and Ricky T. Q. Chen and Yaron Lipman},
      year={2025},
      eprint={2410.20587},
      archivePrefix={arXiv},
      primaryClass={cs.LG},
      url={https://arxiv.org/abs/2410.20587}, 
}