@book{zhang2022towards,
  title={Towards Optimal Point Cloud Processing for 3D Reconstruction},
  author={Zhang, Guoxiang and Chen, YangQuan},
  year={2022},
  publisher={Springer}
}

@book{li2024point,
  title={Point Cloud Compression: Technologies and Standardization},
  author={Li, Ge and Gao, Wei and Gao, Wen},
  year={2024},
  publisher={Springer Nature}
}

@book{gao2024deep,
  title={Deep Learning for 3D Point Clouds},
  author={Gao, Wei and Li, Ge},
  year={2024},
  publisher={Springer}
}

@book{gomez2022point,
  title={Point Cloud Technologies for Geomorphologists: From Data Acquisition to Processing},
  author={Gomez, Christopher},
  year={2022},
  publisher={Springer Nature}
}

@book{liu20213d,
  title={3D Point cloud analysis},
  author={Liu, Shan and Zhang, Min and Kadam, Pranav and Kuo, C},
  year={2021},
  publisher={Springer}
}

@book{shan2018topographic,
  title={Topographic laser ranging and scanning: principles and processing},
  author={Shan, Jie and Toth, Charles K},
  year={2018},
  publisher={CRC press}
}

@article{isenburg2013laszip,
  title={LASzip: lossless compression of LiDAR data},
  author={Isenburg, Martin},
  journal={Photogrammetric engineering and remote sensing},
  volume={79},
  number={2},
  pages={209--217},
  year={2013},
  publisher={American Society of Photogrammetry}
}

@misc{mpegx2013MPEG,
	author = {MPEG},
	title = {WG 7-MPEG Coding of 3D Graphics and Haptics},
	howpublished = {\url{https://www.mpeg.org/structure/coding-of-3d-graphics/}},
	year = {2024},
	note = {[Accessed 18-01-2025]},
}

@inproceedings{tian2017geometric,
  title={Geometric distortion metrics for point cloud compression},
  author={Tian, Dong and Ochimizu, Hideaki and Feng, Chen and Cohen, Robert and Vetro, Anthony},
  booktitle={2017 IEEE International Conference on Image Processing (ICIP)},
  pages={3460--3464},
  year={2017},
  organization={IEEE}
}

@misc{JustinKDTree,
  author        = {Justin Wyss-Gallifent},
  title         = {CMSC 420: KD Trees},
  month         = {October},
  year          = {2023},
  publisher={University of Maryland},
}